% Seguire il formato riportato qua sotto per citare fonti come articoli o libri

@article{ref1,
  author = {Author Name},
  title = {Title of the Article},
  journal = {Journal Name},
  year = {2023},
  volume = {10},
  pages = {100-110}
}

@book{ref2,
  author = {Another Author},
  title = {Title of the Book},
  publisher = {Publisher Name},
  year = {2020}
}
